@article{RefWorks:1,
  title={The Role of Artificial Intelligence in the Future of Education},
  author={Mohaghegh, Mahsa},
  journal={Interdisciplinary Journal of Virtual Learning in Medical Sciences},
  volume={11},
  number={1},
  pages={65--67},
  year={2020},
  publisher={Shiraz University of Medical Sciences, Shiraz, Iran}
}

@inproceedings{RefWorks:2,
  title={An introduction to OpenSimulator and virtual environment agent-based M\&S applications},
  author={Fishwick, Paul A},
  booktitle={Proceedings of the 2009 Winter Simulation Conference (WSC)},
  pages={177--183},
  year={2009},
  organization={IEEE}
}

